
%@Preamble{ " \newcommand{\noop}[1]{} " }

%%%%%
%Introduction
%%%%%

%protests and riots leading to egyptian regime change
@article{joya2011egyptian,
  title={The Egyptian revolution: crisis of neoliberalism and the potential for democratic politics},
  author={Joya, Angela},
  journal={Review of African political economy},
  volume={38},
  number={129},
  pages={367--386},
  year={2011},
  publisher={Taylor \& Francis}
}

%riots in Beirut
@article{el2019riots,
  title={Riots in beirut: description of the impact of a new type of mass casualty event on the emergency system in Lebanon},
  author={El Warea, Mohamad and Sasso, Roula and Bachir, Rana and El Sayed, Mazen},
  journal={Disaster medicine and public health preparedness},
  volume={13},
  number={5-6},
  pages={849--852},
  year={2019},
  publisher={Cambridge University Press}
}

%food riots
@article{bush2017food,
  title={Food riots and protest: Agrarian modernizations and structural crises},
  author={Bush, Ray and Martiniello, Giuliano},
  journal={World Development},
  volume={91},
  pages={193--207},
  year={2017},
  publisher={Elsevier}
}

%protests in greece
@article{andronikidou2012cultures,
  title={Cultures of rioting and anti-systemic politics in Southern Europe},
  author={Andronikidou, Aikaterini and Kovras, Iosif},
  journal={West European Politics},
  volume={35},
  number={4},
  pages={707--725},
  year={2012},
  publisher={Taylor \& Francis}
}

%protests resulting in presidents leaving in South America
@article{eckstein2001power,
  title={Power and Popular Protest in Latin},
  author={Eckstein, Susan},
  journal={Power and popular protest: Latin American social movements},
  pages={1},
  year={2001},
  publisher={Univ of California Press}
}

%using social media to study riots
@article{pond2019riots,
  title={Riots and Twitter: connective politics, social media and framing discourses in the digital public sphere},
  author={Pond, Philip and Lewis, Jeff},
  journal={Information, Communication \& Society},
  volume={22},
  number={2},
  pages={213--231},
  year={2019},
  publisher={Taylor \& Francis}
}

%using news reports to study riots
@article{snow2007framing,
  title={Framing the French riots: A comparative study of frame variation},
  author={Snow, David A and Vliegenthart, Rens and Corrigall-Brown, Catherine},
  journal={Social forces},
  volume={86},
  number={2},
  pages={385--415},
  year={2007},
  publisher={The University of North Carolina Press}
}

@inproceedings{daudt2018urban,
  title={Urban change detection for multispectral earth observation using convolutional neural networks},
  author={Daudt, Rodrigo Caye and Le Saux, Bertr and Boulch, Alexandre and Gousseau, Yann},
  booktitle={IGARSS 2018-2018 IEEE International Geoscience and Remote Sensing Symposium},
  pages={2115--2118},
  year={2018},
  organization={Ieee}
}

@article{shin2016deep,
  title={Deep convolutional neural networks for computer-aided detection: CNN architectures, dataset characteristics and transfer learning},
  author={Shin, Hoo-Chang and Roth, Holger R and Gao, Mingchen and Lu, Le and Xu, Ziyue and Nogues, Isabella and Yao, Jianhua and Mollura, Daniel and Summers, Ronald M},
  journal={IEEE transactions on medical imaging},
  volume={35},
  number={5},
  pages={1285--1298},
  year={2016},
  publisher={IEEE}
}
@inproceedings{chauhan2018convolutional,
  title={Convolutional neural network (CNN) for image detection and recognition},
  author={Chauhan, Rahul and Ghanshala, Kamal Kumar and Joshi, RC},
  booktitle={2018 first international conference on secure cyber computing and communication (ICSCCC)},
  pages={278--282},
  year={2018},
  organization={IEEE}
}

%ship classification
@inproceedings{leclerc2018ship,
  title={Ship classification using deep learning techniques for maritime target tracking},
  author={Leclerc, Maxime and Tharmarasa, Ratnasingham and Florea, Mihai Cristian and Boury-Brisset, Anne-Claire and Kirubarajan, Thiagalingam and Duclos-Hindi{\'e}, Nicolas},
  booktitle={2018 21st International Conference on Information Fusion (FUSION)},
  pages={737--744},
  year={2018},
  organization={IEEE}
}

%ship identification
@article{patel2022deep,
  title={Deep learning-based automatic detection of ships: An experimental study using satellite images},
  author={Patel, Krishna and Bhatt, Chintan and Mazzeo, Pier Luigi},
  journal={Journal of imaging},
  volume={8},
  number={7},
  pages={182},
  year={2022},
  publisher={MDPI}
}

%LCLU sat image analysis
@article{helber2019eurosat,
  title={Eurosat: A novel dataset and deep learning benchmark for land use and land cover classification},
  author={Helber, Patrick and Bischke, Benjamin and Dengel, Andreas and Borth, Damian},
  journal={IEEE Journal of Selected Topics in Applied Earth Observations and Remote Sensing},
  volume={12},
  number={7},
  pages={2217--2226},
  year={2019},
  publisher={IEEE}
}

%LCLU sat image analysis
@article{kussul2017deep,
  title={Deep learning classification of land cover and crop types using remote sensing data},
  author={Kussul, Nataliia and Lavreniuk, Mykola and Skakun, Sergii and Shelestov, Andrii},
  journal={IEEE Geoscience and Remote Sensing Letters},
  volume={14},
  number={5},
  pages={778--782},
  year={2017},
  publisher={IEEE}
}

%LCLU sat image using CNN compared to other ML techniques
@article{carranza2019framework,
  title={A framework for evaluating land use and land cover classification using convolutional neural networks},
  author={Carranza-Garc{\'\i}a, Manuel and Garc{\'\i}a-Guti{\'e}rrez, Jorge and Riquelme, Jos{\'e} C},
  journal={Remote Sensing},
  volume={11},
  number={3},
  pages={274},
  year={2019},
  publisher={MDPI}
}

%CNN detecting urban expansion
@article{zhang2018urban,
  title={Urban land use and land cover classification using novel deep learning models based on high spatial resolution satellite imagery},
  author={Zhang, Pengbin and Ke, Yinghai and Zhang, Zhenxin and Wang, Mingli and Li, Peng and Zhang, Shuangyue},
  journal={Sensors},
  volume={18},
  number={11},
  pages={3717},
  year={2018},
  publisher={MDPI}
}


%CNN detecting urban expansion
@article{he2019detecting,
  title={Detecting global urban expansion over the last three decades using a fully convolutional network},
  author={He, Chunyang and Liu, Zhifeng and Gou, Siyuan and Zhang, Qiaofeng and Zhang, Jinshui and Xu, Linlin},
  journal={Environmental Research Letters},
  volume={14},
  number={3},
  pages={034008},
  year={2019},
  publisher={IOP Publishing}
}

%CNN detecting urban expansion
@article{zhang2019detecting,
  title={Detecting large-scale urban land cover changes from very high resolution remote sensing images using CNN-based classification},
  author={Zhang, Chi and Wei, Shiqing and Ji, Shunping and Lu, Meng},
  journal={ISPRS International Journal of Geo-Information},
  volume={8},
  number={4},
  pages={189},
  year={2019},
  publisher={MDPI}
}

@article{brewer2021predicting,
  title={Predicting road quality using high resolution satellite imagery: A transfer learning approach},
  author={Brewer, Ethan and Lin, Jason and Kemper, Peter and Hennin, John and Runfola, Dan},
  journal={Plos one},
  volume={16},
  number={7},
  pages={e0253370},
  year={2021},
  publisher={Public Library of Science San Francisco, CA USA}
}
%%%%%%%%%%%%%
%Satellite Imagery
%%%%%%%%%%%%%
@article{rogan2004remote,
  title={Remote sensing technology for mapping and monitoring land-cover and land-use change},
  author={Rogan, John and Chen, DongMei},
  journal={Progress in planning},
  volume={61},
  number={4},
  pages={301--325},
  year={2004},
  publisher={Pergamon}
}

@Misc{USGSlandsat,
  author =    {USGS},
  organization = {USGS},
  title =     {USGS Landsat 9 Fact Sheet},
  year =      {2022--},
  url = "https://pubs.usgs.gov/publication/fs20193008"
}

%landsat review published by USGS
@book{miller2011users,
  title={The users, uses, and value of Landsat and other moderate-resolution satellite imagery in the United States-executive report},
  author={Miller, Holly M and Sexton, Natalie R and Koontz, Lynne and Loomis, John B and Koontz, Stephen R and Hermans, Caroline M},
  year={2011},
  publisher={US Department of the Interior, US Geological Survey}
}

%good review of the academic uses of landsat
@article{young2017survival,
  title={A survival guide to Landsat preprocessing},
  author={Young, Nicholas E and Anderson, Ryan S and Chignell, Stephen M and Vorster, Anthony G and Lawrence, Rick and Evangelista, Paul H},
  journal={Ecology},
  volume={98},
  number={4},
  pages={920--932},
  year={2017},
  publisher={Wiley Online Library}
}

%landsat as a popular option for sat imagery
@article{wulder2012opening,
  title={Opening the archive: How free data has enabled the science and monitoring promise of Landsat},
  author={Wulder, Michael A and Masek, Jeffrey G and Cohen, Warren B and Loveland, Thomas R and Woodcock, Curtis E},
  journal={Remote Sensing of Environment},
  volume={122},
  pages={2--10},
  year={2012},
  publisher={Elsevier}
}

%planet usage and potential issues
@article{frazier2021technical,
  title={A technical review of planet smallsat data: Practical considerations for processing and using planetscope imagery},
  author={Frazier, Amy E and Hemingway, Benjamin L},
  journal={Remote Sensing},
  volume={13},
  number={19},
  pages={3930},
  year={2021},
  publisher={MDPI}
}

%planet provides near real time sat imagery
@article{francini2020near,
  title={Near-real time forest change detection using PlanetScope imagery},
  author={Francini, Saverio and McRoberts, Ronald E and Giannetti, Francesca and Mencucci, Marco and Marchetti, Marco and Scarascia Mugnozza, Giuseppe and Chirici, Gherardo},
  journal={European Journal of Remote Sensing},
  volume={53},
  number={1},
  pages={233--244},
  year={2020},
  publisher={Taylor \& Francis}
}

%vegitation classification
@article{carpenter1999neural,
  title={A neural network method for efficient vegetation mapping},
  author={Carpenter, Gail A and Gopal, Sucharita and Macomber, Scott and Martens, Siegfried and Woodcock, Curtis E and Franklin, Janet},
  journal={Remote Sensing of Environment},
  volume={70},
  number={3},
  pages={326--338},
  year={1999},
  publisher={Elsevier}
}

%this looks at using OBIA to detect tornado damage
@article{myint2008comparison,
  title={Comparison of remote sensing image processing techniques to identify tornado damage areas from Landsat TM data},
  author={Myint, Soe W and Yuan, May and Cerveny, Randall S and Giri, Chandra P},
  journal={Sensors},
  volume={8},
  number={2},
  pages={1128--1156},
  year={2008},
  publisher={Molecular Diversity Preservation International (MDPI)}
}

%pixel based classification
@article{duro2012comparison,
  title={A comparison of pixel-based and object-based image analysis with selected machine learning algorithms for the classification of agricultural landscapes using SPOT-5 HRG imagery},
  author={Duro, Dennis C and Franklin, Steven E and Dub{\'e}, Monique G},
  journal={Remote sensing of environment},
  volume={118},
  pages={259--272},
  year={2012},
  publisher={Elsevier}
}

%random forest used for pixel based analysis
@article{ok2012evaluation,
  title={Evaluation of random forest method for agricultural crop classification},
  author={Ok, Asli Ozdarici and Akar, Ozlem and Gungor, Oguz},
  journal={European Journal of Remote Sensing},
  volume={45},
  number={1},
  pages={421--432},
  year={2012},
  publisher={Taylor \& Francis}
}

%pixel based using LiDAR data
@article{el2012pixel,
  title={Pixel vs object-based image classification techniques for LiDAR intensity data},
  author={El-Ashmawy, Nagwa and Shaker, Ahmed and Yan, W},
  journal={The International Archives of the Photogrammetry, Remote Sensing and Spatial Information Sciences},
  volume={38},
  pages={43--48},
  year={2012},
  publisher={Copernicus GmbH}
}

%good review of pixel based and references some sub-pixel stuff
@article{myint2011per,
  title={Per-pixel vs. object-based classification of urban land cover extraction using high spatial resolution imagery},
  author={Myint, Soe W and Gober, Patricia and Brazel, Anthony and Grossman-Clarke, Susanne and Weng, Qihao},
  journal={Remote sensing of environment},
  volume={115},
  number={5},
  pages={1145--1161},
  year={2011},
  publisher={Elsevier}
}

%pixel based classification using SVMs
@inproceedings{varma2016pixel,
  title={Pixel-based classification using support vector machine classifier},
  author={Varma, M Krishna Satya and Rao, NKK and Raju, KK and Varma, GPS},
  booktitle={2016 IEEE 6th International Conference on Advanced Computing (IACC)},
  pages={51--55},
  year={2016},
  organization={IEEE}
}

%sub pixel and spectral mixture
@article{powell2007sub,
  title={Sub-pixel mapping of urban land cover using multiple endmember spectral mixture analysis: Manaus, Brazil},
  author={Powell, Rebecca L and Roberts, Dar A and Dennison, Philip E and Hess, Laura L},
  journal={Remote Sensing of environment},
  volume={106},
  number={2},
  pages={253--267},
  year={2007},
  publisher={Elsevier}
}


%spectral mixture analysis review
@article{somers2011endmember,
  title={Endmember variability in spectral mixture analysis: A review},
  author={Somers, Ben and Asner, Gregory P and Tits, Laurent and Coppin, Pol},
  journal={Remote Sensing of Environment},
  volume={115},
  number={7},
  pages={1603--1616},
  year={2011},
  publisher={Elsevier}
}

%use of SMA in invasive species detection
@article{hestir2008identification,
  title={Identification of invasive vegetation using hyperspectral remote sensing in the California Delta ecosystem},
  author={Hestir, Erin L and Khanna, Shruti and Andrew, Margaret E and Santos, Maria J and Viers, Joshua H and Greenberg, Jonathan A and Rajapakse, Sepalika S and Ustin, Susan L},
  journal={Remote Sensing of Environment},
  volume={112},
  number={11},
  pages={4034--4047},
  year={2008},
  publisher={Elsevier}
}

%ag crop identification using SMA
@article{lobell2004cropland,
  title={Cropland distributions from temporal unmixing of MODIS data},
  author={Lobell, David B and Asner, Gregory P},
  journal={Remote Sensing of Environment},
  volume={93},
  number={3},
  pages={412--422},
  year={2004},
  publisher={Elsevier}
}

%SMA to estimate water quality
@article{mertes1993estimating,
  title={Estimating suspended sediment concentrations in surface waters of the Amazon River wetlands from Landsat images},
  author={Mertes, Leal AK and Smith, Milton O and Adams, John B},
  journal={Remote Sensing of Environment},
  volume={43},
  number={3},
  pages={281--301},
  year={1993},
  publisher={Elsevier}
}

%SMA to monitor urban expansion and land usage
@article{wu2003estimating,
  title={Estimating impervious surface distribution by spectral mixture analysis},
  author={Wu, Changshan and Murray, Alan T},
  journal={Remote sensing of Environment},
  volume={84},
  number={4},
  pages={493--505},
  year={2003},
  publisher={Elsevier}
}

%forbes article about russian draft
@article{forbesRussiaDraft,
author={Hart, Robert},
title={Russians Use Drastic Measures To Avoid Putin's Military Draft -- Including Self-Mutilation},
journal={Forbes},
day={4},
month={10},
year={2022},
url={https://www.forbes.com/sites/roberthart/2022/10/04/russians-use-drastic-measures-to-avoid-putins-military-draft-including-self-mutilation/?sh=12cf178f6d1b},
note={accessed: 19 May 2023},

}

%LCLU with a temporal aspect
@article{alo2008identifying,
  title={Identifying systematic land-cover transitions using remote sensing and GIS: the fate of forests inside and outside protected areas of Southwestern Ghana},
  author={Alo, Clement Aga and Pontius Jr, Robert Gilmore},
  journal={Environment and Planning B: Planning and Design},
  volume={35},
  number={2},
  pages={280--295},
  year={2008},
  publisher={SAGE Publications Sage UK: London, England}
}

%large pixel work, SMA spectral pixel analysis
@article{small2001estimation,
  title={Estimation of urban vegetation abundance by spectral mixture analysis},
  author={Small, Christopher},
  journal={International journal of remote sensing},
  volume={22},
  number={7},
  pages={1305--1334},
  year={2001},
  publisher={Taylor \& Francis}
}

%old LCLU
@article{green1994using,
  title={Using remote sensing to detect and monitor land-cover and land-use change},
  author={Green, Kass and Kempka, Dick and Lackey, Lisa},
  journal={Photogrammetric engineering and remote sensing},
  volume={60},
  number={3},
  pages={331--337},
  year={1994},
  publisher={[Falls Church, Va.] American Society of Photogrammetry.}
}

%landsat review
@article{markham2012forty,
  title={Forty-year calibrated record of earth-reflected radiance from Landsat: A review},
  author={Markham, Brian L and Helder, Dennis L},
  journal={Remote Sensing of Environment},
  volume={122},
  pages={30--40},
  year={2012},
  publisher={Elsevier}
}

%submeter resolution
@inproceedings{pesaresi2010automatic,
  title={Automatic information retrieval from meter and sub-meter resolution satellite image data in support to crisis management},
  author={Pesaresi, Martino and Kemper, Thomas and Gueguen, Lionel and Soille, Pierre},
  booktitle={2010 IEEE International Geoscience and Remote Sensing Symposium},
  pages={1792--1795},
  year={2010},
  organization={IEEE}
}

%meter resolution
@article{voigt2007satellite,
  title={Satellite image analysis for disaster and crisis-management support},
  author={Voigt, Stefan and Kemper, Thomas and Riedlinger, Torsten and Kiefl, Ralph and Scholte, Klaas and Mehl, Harald},
  journal={IEEE transactions on geoscience and remote sensing},
  volume={45},
  number={6},
  pages={1520--1528},
  year={2007},
  publisher={IEEE}
}

%OBIA, early paper
@article{blaschke2000object,
  title={Object-oriented image processing in an integrated GIS/remote sensing environment and perspectives for environmental applications},
  author={Blaschke, Thomas and Lang, Stefan and Lorup, Eric and Strobl, Josef and Zeil, Peter},
  journal={Environmental information for planning, politics and the public},
  volume={2},
  pages={555--570},
  year={2000}
}

%OBIA review of many OBIA uses
@article{blaschke2010object,
  title={Object based image analysis for remote sensing},
  author={Blaschke, Thomas},
  journal={ISPRS journal of photogrammetry and remote sensing},
  volume={65},
  number={1},
  pages={2--16},
  year={2010},
  publisher={Elsevier}
}

%vegetation classification using OBIA
@article{yu2006object,
  title={Object-based detailed vegetation classification with airborne high spatial resolution remote sensing imagery},
  author={Yu, Qian and Gong, Peng and Clinton, Nick and Biging, Greg and Kelly, Maggi and Schirokauer, Dave and others},
  journal={Photogrammetric engineering and remote sensing},
  volume={72},
  number={7},
  pages={799},
  year={2006},
  publisher={ASPRS AMERICAN SOCIETY FOR PHOTOGRAMMETRY AND}
}

%LCLU using OBIA
@article{duveiller2008deforestation,
  title={Deforestation in Central Africa: Estimates at regional, national and landscape levels by advanced processing of systematically-distributed Landsat extracts},
  author={Duveiller, Gregory and Defourny, Pierre and Descl{\'e}e, Baudouin and Mayaux, Philippe},
  journal={Remote sensing of environment},
  volume={112},
  number={5},
  pages={1969--1981},
  year={2008},
  publisher={Elsevier}
}

%OBIA used to detect forest coverage change
@article{desclee2006forest,
  title={Forest change detection by statistical object-based method},
  author={Descl{\'e}e, Baudouin and Bogaert, Patrick and Defourny, Pierre},
  journal={Remote sensing of environment},
  volume={102},
  number={1-2},
  pages={1--11},
  year={2006},
  publisher={Elsevier}
}

%OBIA to monitor changes in shrubs
@article{stow2008monitoring,
  title={Monitoring shrubland habitat changes through object-based change identification with airborne multispectral imagery},
  author={Stow, Douglas and Hamada, Yuki and Coulter, Lloyd and Anguelova, Zlatina},
  journal={Remote sensing of environment},
  volume={112},
  number={3},
  pages={1051--1061},
  year={2008},
  publisher={Elsevier}
}

%building identification and urban classification
@inproceedings{liu2005building,
  title={Building extraction from high resolution imagery based on multi-scale object oriented classification and probabilistic Hough transform},
  author={Liu, ZJ and Wang, J and Liu, WP},
  booktitle={Proceedings. 2005 IEEE International Geoscience and Remote Sensing Symposium, 2005. IGARSS'05.},
  volume={4},
  pages={2250--2253},
  year={2005},
  organization={Citeseer}
}

%classification using SVMs
@article{foody2004toward,
  title={Toward intelligent training of supervised image classifications: directing training data acquisition for SVM classification},
  author={Foody, Giles M and Mathur, Ajay},
  journal={Remote Sensing of Environment},
  volume={93},
  number={1-2},
  pages={107--117},
  year={2004},
  publisher={Elsevier}
}

%other ML techniques compared to CNNs
@article{du2020advances,
  title={Advances of four machine learning methods for spatial data handling: A review},
  author={Du, Peijun and Bai, Xuyu and Tan, Kun and Xue, Zhaohui and Samat, Alim and Xia, Junshi and Li, Erzhu and Su, Hongjun and Liu, Wei},
  journal={Journal of Geovisualization and Spatial Analysis},
  volume={4},
  pages={1--25},
  year={2020},
  publisher={Springer}
}

%%%%%%%%%%%%
%Deep Learning
%%%%%%%%%%%%%


%batch normalization
@inproceedings{ioffe2015batch,
  title={Batch normalization: Accelerating deep network training by reducing internal covariate shift},
  author={Ioffe, Sergey and Szegedy, Christian},
  booktitle={International conference on machine learning},
  pages={448--456},
  year={2015},
  organization={pmlr}
}

%transfer learning
@article{yosinski2014transferable,
  title={How transferable are features in deep neural networks?},
  author={Yosinski, Jason and Clune, Jeff and Bengio, Yoshua and Lipson, Hod},
  journal={Advances in neural information processing systems},
  volume={27},
  year={2014}
}

%dropout and regularization
@article{srivastava2014dropout,
  title={Dropout: a simple way to prevent neural networks from overfitting},
  author={Srivastava, Nitish and Hinton, Geoffrey and Krizhevsky, Alex and Sutskever, Ilya and Salakhutdinov, Ruslan},
  journal={The journal of machine learning research},
  volume={15},
  number={1},
  pages={1929--1958},
  year={2014},
  publisher={JMLR. org}
}


%one of the earliest articles about CNNs and image classification
@article{zhang2016deep,
  title={Deep learning for remote sensing data: A technical tutorial on the state of the art},
  author={Zhang, Liangpei and Zhang, Lefei and Du, Bo},
  journal={IEEE Geoscience and remote sensing magazine},
  volume={4},
  number={2},
  pages={22--40},
  year={2016},
  publisher={IEEE}
}

@article{voulodimos2018deep,
  title={Deep learning for computer vision: A brief review},
  author={Voulodimos, Athanasios and Doulamis, Nikolaos and Doulamis, Anastasios and Protopapadakis, Eftychios and others},
  journal={Computational intelligence and neuroscience},
  volume={2018},
  year={2018},
  publisher={Hindawi}
}

%AlexNet introduced
@article{krizhevsky2017imagenet,
  title={Imagenet classification with deep convolutional neural networks},
  author={Krizhevsky, Alex and Sutskever, Ilya and Hinton, Geoffrey E},
  journal={Communications of the ACM},
  volume={60},
  number={6},
  pages={84--90},
  year={2017},
  publisher={AcM New York, NY, USA}
}

%good diagram of alexnet
@article{han2017pre,
  title={Pre-trained alexnet architecture with pyramid pooling and supervision for high spatial resolution remote sensing image scene classification},
  author={Han, Xiaobing and Zhong, Yanfei and Cao, Liqin and Zhang, Liangpei},
  journal={Remote Sensing},
  volume={9},
  number={8},
  pages={848},
  year={2017},
  publisher={MDPI}
}

%inception, an improvement of AlexNet with parallel convolutions
@inproceedings{szegedy2015going,
  title={Going deeper with convolutions},
  author={Szegedy, Christian and Liu, Wei and Jia, Yangqing and Sermanet, Pierre and Reed, Scott and Anguelov, Dragomir and Erhan, Dumitru and Vanhoucke, Vincent and Rabinovich, Andrew},
  booktitle={Proceedings of the IEEE conference on computer vision and pattern recognition},
  pages={1--9},
  year={2015}
}


%VGG introduced
@article{simonyan2014very,
  title={Very deep convolutional networks for large-scale image recognition},
  author={Simonyan, Karen and Zisserman, Andrew},
  journal={arXiv preprint arXiv:1409.1556},
  year={2014}
}

%nice diagram of VGG
@inproceedings{vrbancic2019transfer,
  title={Transfer learning tuning utilizing grey wolf optimizer for identification of brain hemorrhage from head ct images},
  author={Vrbancic, Grega and Zorman, Milan and Podgorelec, Vili},
  booktitle={StuCoSReC: proceedings of the 2019 6th student computer science research conference},
  pages={61--66},
  year={2019}
}


%Squeeze and Excite, advances VGG
@inproceedings{hu2018squeeze,
  title={Squeeze-and-excitation networks},
  author={Hu, Jie and Shen, Li and Sun, Gang},
  booktitle={Proceedings of the IEEE conference on computer vision and pattern recognition},
  pages={7132--7141},
  year={2018}
}

%DenseNet that expands on the idea ResNet, but in blocks
@inproceedings{huang2017densely,
  title={Densely connected convolutional networks},
  author={Huang, Gao and Liu, Zhuang and Van Der Maaten, Laurens and Weinberger, Kilian Q},
  booktitle={Proceedings of the IEEE conference on computer vision and pattern recognition},
  pages={4700--4708},
  year={2017}
}

%ResNet introduced
@inproceedings{he2016deep,
  title={Deep residual learning for image recognition},
  author={He, Kaiming and Zhang, Xiangyu and Ren, Shaoqing and Sun, Jian},
  booktitle={Proceedings of the IEEE conference on computer vision and pattern recognition},
  pages={770--778},
  year={2016}
}

%introducting cardinality to ResNets
@inproceedings{xie2017aggregated,
  title={Aggregated residual transformations for deep neural networks},
  author={Xie, Saining and Girshick, Ross and Doll{\'a}r, Piotr and Tu, Zhuowen and He, Kaiming},
  booktitle={Proceedings of the IEEE conference on computer vision and pattern recognition},
  pages={1492--1500},
  year={2017}
}


%wide ResNets
@article{zagoruyko2016wide,
  title={Wide residual networks},
  author={Zagoruyko, Sergey and Komodakis, Nikos},
  journal={arXiv preprint arXiv:1605.07146},
  year={2016}
}

%shortcuts in trainging ResNets to improve back propagation
@inproceedings{he2016identity,
  title={Identity mappings in deep residual networks},
  author={He, Kaiming and Zhang, Xiangyu and Ren, Shaoqing and Sun, Jian},
  booktitle={Computer Vision--ECCV 2016: 14th European Conference, Amsterdam, The Netherlands, October 11--14, 2016, Proceedings, Part IV 14},
  pages={630--645},
  year={2016},
  organization={Springer}
}

%stochastic depth within ResNet
@inproceedings{huang2016deep,
  title={Deep networks with stochastic depth},
  author={Huang, Gao and Sun, Yu and Liu, Zhuang and Sedra, Daniel and Weinberger, Kilian Q},
  booktitle={Computer Vision--ECCV 2016: 14th European Conference, Amsterdam, The Netherlands, October 11--14, 2016, Proceedings, Part IV 14},
  pages={646--661},
  year={2016},
  organization={Springer}
}

%improve training and different loss function for ResNets
@article{wightman2021resnet,
  title={Resnet strikes back: An improved training procedure in timm},
  author={Wightman, Ross and Touvron, Hugo and J{\'e}gou, Herv{\'e}},
  journal={arXiv preprint arXiv:2110.00476},
  year={2021}
}

%lots of advancements for ResNets
@inproceedings{he2019bag,
  title={Bag of tricks for image classification with convolutional neural networks},
  author={He, Tong and Zhang, Zhi and Zhang, Hang and Zhang, Zhongyue and Xie, Junyuan and Li, Mu},
  booktitle={Proceedings of the IEEE/CVF conference on computer vision and pattern recognition},
  pages={558--567},
  year={2019}
}

%unexpected features in images driving classification
@article{wei2018deep,
  title={Deep learning for plant species classification using leaf vein morphometric},
  author={Wei Tan, Jing and Chang, Siow-Wee and Abdul-Kareem, Sameem and Yap, Hwa Jen and Yong, Kien-Thai},
  journal={IEEE/ACM transactions on computational biology and bioinformatics},
  volume={17},
  number={1},
  pages={82--90},
  year={2018},
  publisher={IEEE}
}
%%%%%%%%%%%%%%%%%%%%%
%satellite imagery and conflict (poverty, damaged buildngs etc
%%%%%%%%%%%%%%%%%%%%%%

%good review of image segmentation
@article{schiewe2002segmentation,
  title={Segmentation of high-resolution remotely sensed data-concepts, applications and problems},
  author={Schiewe, Jochen},
  journal={International Archives of Photogrammetry Remote Sensing and Spatial Information Sciences},
  volume={34},
  number={4},
  pages={380--385},
  year={2002},
  publisher={Citeseer}
}

%protests and riots are on the rise globally
@article{ciorciari2016nationalist,
  title={Nationalist protests, government responses, and the risk of escalation in interstate disputes},
  author={Ciorciari, John D and Weiss, Jessica Chen},
  journal={Security Studies},
  volume={25},
  number={3},
  pages={546--583},
  year={2016},
  publisher={Taylor \& Francis}
}

%food riots in Africa causing deaths
@article{berazneva2013explaining,
  title={Explaining the African food riots of 2007--2008: An empirical analysis},
  author={Berazneva, Julia and Lee, David R},
  journal={Food policy},
  volume={39},
  pages={28--39},
  year={2013},
  publisher={Elsevier}
}

%Hong Kong riots of 2019
@article{purbrick2019report,
  title={A report of the 2019 Hong Kong protests},
  author={Purbrick, Martin},
  journal={Asian Affairs},
  volume={50},
  number={4},
  pages={465--487},
  year={2019},
  publisher={Taylor \& Francis}
}

%costs associated with riots are more than just monetary
@article{bencsik2018non,
  title={The non-financial costs of violent public disturbances: Emotional responses to the 2011 riots in England},
  author={Bencsik, Panka},
  journal={Journal of Housing Economics},
  volume={40},
  pages={73--82},
  year={2018},
  publisher={Elsevier}
}

%modeling and measuring the spread of a riot
@article{davies2013mathematical,
  title={A mathematical model of the London riots and their policing},
  author={Davies, Toby P and Fry, Hannah M and Wilson, Alan G and Bishop, Steven R},
  journal={Scientific reports},
  volume={3},
  number={1},
  pages={1303},
  year={2013},
  publisher={Nature Publishing Group UK London}
}

%social media used to predict protest
@article{phillips2017using,
  title={Using social media to predict the future: a systematic literature review},
  author={Phillips, Lawrence and Dowling, Chase and Shaffer, Kyle and Hodas, Nathan and Volkova, Svitlana},
  journal={arXiv preprint arXiv:1706.06134},
  year={2017}
}
%social media used to predict protest
@inproceedings{filchenkov2014more,
  title={What is more predictable in social media: Election outcome or protest action?},
  author={Filchenkov, Andrey A and Azarov, Artur A and Abramov, Maxim V},
  booktitle={Proceedings of the 2014 Conference on Electronic Governance and Open Society: Challenges in Eurasia},
  pages={157--161},
  year={2014}
}

%social media used to predict protest
@inproceedings{renaud2019social,
  title={Social network structure as a predictor of social behavior: the case of protest in the 2016 us presidential election},
  author={Renaud, Molly and Korolov, Rostyslav and Mendon{\c{c}}a, David and Wallace, William},
  booktitle={Recent Developments in Data Science and Intelligent Analysis of Information: Proceedings of the XVIII International Conference on Data Science and Intelligent Analysis of Information, June 4--7, 2018, Kyiv, Ukraine},
  pages={267--278},
  year={2019},
  organization={Springer}
}

%social media used to predict social unrest
@inproceedings{compton2013detecting,
  title={Detecting future social unrest in unprocessed twitter data:“emerging phenomena and big data”},
  author={Compton, Ryan and Lee, Craig and Lu, Tsai-Ching and De Silva, Lalindra and Macy, Michael},
  booktitle={2013 IEEE International Conference on Intelligence and Security Informatics},
  pages={56--60},
  year={2013},
  organization={IEEE}
}

%social media used to predict social unrest
@article{cadena2015forecasting,
  title={Forecasting social unrest using activity cascades},
  author={Cadena, Jose and Korkmaz, Gizem and Kuhlman, Chris J and Marathe, Achla and Ramakrishnan, Naren and Vullikanti, Anil},
  journal={PloS one},
  volume={10},
  number={6},
  pages={e0128879},
  year={2015},
  publisher={Public Library of Science San Francisco, CA USA}
}

%urbanization is correlated to protests
@article{fox2016urban,
  title={Urban geography and protest mobilization in Africa},
  author={Fox, Sean and Bell, Andrew},
  journal={Political Geography},
  volume={53},
  pages={54--64},
  year={2016},
  publisher={Elsevier}
}

%protest as a part of democratic societies
@article{anderson2006learning,
  title={Learning to lose: Election outcomes, democratic experience and political protest potential},
  author={Anderson, Christopher J and Mendes, Silvia M},
  journal={British Journal of Political Science},
  volume={36},
  number={1},
  pages={91--111},
  year={2006},
  publisher={Cambridge University Press}
}

%governmental responsibility to warn citizens
@article{lowenheim2007responsibility,
  title={The responsibility to responsibilize: Foreign offices and the issuing of travel warnings},
  author={L{\"o}wenheim, Oded},
  journal={International Political Sociology},
  volume={1},
  number={3},
  pages={203--221},
  year={2007},
  publisher={Blackwell Publishing Ltd Oxford, UK}
}

%russian control of media
@article{gehlbach2010reflections,
  title={Reflections on Putin and the Media},
  author={Gehlbach, Scott},
  journal={Post-Soviet Affairs},
  volume={26},
  number={1},
  pages={77--87},
  year={2010},
  publisher={Taylor \& Francis}
}

%china media censorship
@article{tai2014china,
  title={China's media censorship: A dynamic and diversified regime},
  author={Tai, Qiuqing},
  journal={Journal of East Asian Studies},
  volume={14},
  number={2},
  pages={185--210},
  year={2014},
  publisher={Cambridge University Press}
}

%iranian censorship
@article{rahimi2015censorship,
  title={Censorship and the Islamic Republic: Two modes of regulatory measures for media in Iran},
  author={Rahimi, Babak},
  journal={The Middle East Journal},
  volume={69},
  number={3},
  pages={358--378},
  year={2015},
  publisher={Middle East Institute}
}

%venezuela censorship
@article{pain2021everything,
  title={‘Everything is dimming out, little by little:’examining self-censorship among Venezuelan journalists},
  author={Pain, Paromita and Korin, Ezequiel},
  journal={Communication Research and Practice},
  volume={7},
  number={1},
  pages={71--88},
  year={2021},
  publisher={Taylor \& Francis}
}


%predict a riot around the G20 in the UK 2009
@article{greer2010we,
  title={We predict a riot? Public order policing, new media environments and the rise of the citizen journalist},
  author={Greer, Chris and McLaughlin, Eugene},
  journal={The British Journal of Criminology},
  volume={50},
  number={6},
  pages={1041--1059},
  year={2010},
  publisher={Oxford University Press}
}

%use twitter
@inproceedings{petrovic2010streaming,
  title={Streaming first story detection with application to twitter},
  author={Petrovi{\'c}, Sa{\v{s}}a and Osborne, Miles and Lavrenko, Victor},
  booktitle={Human language technologies: The 2010 annual conference of the north american chapter of the association for computational linguistics},
  pages={181--189},
  year={2010}
}

%twitter detect real world events
@inproceedings{becker2011beyond,
  title={Beyond trending topics: Real-world event identification on twitter},
  author={Becker, Hila and Naaman, Mor and Gravano, Luis},
  booktitle={Proceedings of the international AAAI conference on web and social media},
  volume={5},
  number={1},
  pages={438--441},
  year={2011}
}

%predicting riots, specific to small events, using ML
@article{alsaedi2017can,
  title={Can we predict a riot? Disruptive event detection using Twitter},
  author={Alsaedi, Nasser and Burnap, Pete and Rana, Omer},
  journal={ACM Transactions on Internet Technology (TOIT)},
  volume={17},
  number={2},
  pages={1--26},
  year={2017},
  publisher={ACM New York, NY, USA}
}

%china controling and manipulating social media
@article{king2017chinese,
  title={How the Chinese government fabricates social media posts for strategic distraction, not engaged argument},
  author={King, Gary and Pan, Jennifer and Roberts, Margaret E},
  journal={American political science review},
  volume={111},
  number={3},
  pages={484--501},
  year={2017},
  publisher={Cambridge University Press}
}

%twitter data and landsat7 to monitor urban sprawl
@article{shao2021urban,
  title={Urban sprawl and its impact on sustainable urban development: a combination of remote sensing and social media data},
  author={Shao, Zhenfeng and Sumari, Neema S and Portnov, Aleksei and Ujoh, Fanan and Musakwa, Walter and Mandela, Paulo J},
  journal={Geo-Spatial Information Science},
  volume={24},
  number={2},
  pages={241--255},
  year={2021},
  publisher={Taylor \& Francis}
}

%early satellites, not imagery type specific
@article{kramer2008overview,
  title={An overview of small satellites in remote sensing},
  author={Kramer, Herbert J and Cracknell, Arthur P},
  journal={International journal of remote Sensing},
  volume={29},
  number={15},
  pages={4285--4337},
  year={2008},
  publisher={Taylor \& Francis}
}

%good catch all saying there are many considerations when choosing a particular satellite imagery source
@article{xie2008remote,
  title={Remote sensing imagery in vegetation mapping: a review},
  author={Xie, Yichun and Sha, Zongyao and Yu, Mei},
  journal={Journal of plant ecology},
  volume={1},
  number={1},
  pages={9--23},
  year={2008},
  publisher={Oxford University Press}
}

%computing power and speed has advanced since 1950
@article{nordhaus2001progress,
  title={The progress of computing},
  author={Nordhaus, William D},
  journal={Available at SSRN 285168},
  year={2001}
}

%early classified Corona satellites
@article{fowler2004archaeology,
  title={Archaeology through the keyhole: the serendipity effect of aerial reconnaissance revisited},
  author={Fowler, Martin JF},
  journal={Interdisciplinary Science Reviews},
  volume={29},
  number={2},
  pages={118--134},
  year={2004}
}

%ML is useful for large amounts of high res satellite data
@article{ayush2020efficient,
  title={Efficient poverty mapping using deep reinforcement learning},
  author={Ayush, Kumar and Uzkent, Burak and Tanmay, Kumar and Burke, Marshall and Lobell, David and Ermon, Stefano},
  journal={arXiv preprint arXiv:2006.04224},
  year={2020}
}

%goodfellow text
@book{goodfellow2016deep,
  title={Deep learning},
  author={Goodfellow, Ian and Bengio, Yoshua and Courville, Aaron},
  year={2016},
  publisher={MIT press}
}

%rosenblatt
@book{rosenblatt1957perceptron,
  title={The perceptron, a perceiving and recognizing automaton Project Para},
  author={Rosenblatt, Frank},
  year={1957},
  publisher={Cornell Aeronautical Laboratory}
}

%good history from preceptron to deep neural nets
@article{fradkov2020early,
  title={Early history of machine learning},
  author={Fradkov, Alexander L},
  journal={IFAC-PapersOnLine},
  volume={53},
  number={2},
  pages={1385--1390},
  year={2020},
  publisher={Elsevier}
}

%use of GPUs with neural networks
@inproceedings{strigl2010performance,
  title={Performance and scalability of GPU-based convolutional neural networks},
  author={Strigl, Daniel and Kofler, Klaus and Podlipnig, Stefan},
  booktitle={2010 18th Euromicro conference on parallel, distributed and network-based processing},
  pages={317--324},
  year={2010},
  organization={IEEE}
}

%predicting poverty using sat imagery and ML  FIRST MAIN ARTICLE
@article{jean2016combining,
  title={Combining satellite imagery and machine learning to predict poverty},
  author={Jean, Neal and Burke, Marshall and Xie, Michael and Davis, W Matthew and Lobell, David B and Ermon, Stefano},
  journal={Science},
  volume={353},
  number={6301},
  pages={790--794},
  year={2016},
  publisher={American Association for the Advancement of Science}
}

%predicting poverty using sat imagery and ML
@article{castro2023predicting,
  title={Predicting socioeconomic indicators using transfer learning on imagery data: an application in Brazil},
  author={Castro, Diego A and {\'A}lvarez, Mauricio A},
  journal={Geojournal},
  volume={88},
  number={1},
  pages={1081--1102},
  year={2023},
  publisher={Springer}
}

%predicting poverty using sat imagery and ML
@inproceedings{xie2016transfer,
  title={Transfer learning from deep features for remote sensing and poverty mapping},
  author={Xie, Michael and Jean, Neal and Burke, Marshall and Lobell, David and Ermon, Stefano},
  booktitle={Proceedings of the AAAI conference on artificial intelligence},
  volume={30},
  number={1},
  year={2016}
}

%predicting poverty using sat imagery and ML
@article{perez2017poverty,
  title={Poverty prediction with public landsat 7 satellite imagery and machine learning},
  author={Perez, Anthony and Yeh, Christopher and Azzari, George and Burke, Marshall and Lobell, David and Ermon, Stefano},
  journal={arXiv preprint arXiv:1711.03654},
  year={2017}
}

%satellite imagery to categorize building damage
@article{xu2019building,
  title={Building damage detection in satellite imagery using convolutional neural networks},
  author={Xu, Joseph Z and Lu, Wenhan and Li, Zebo and Khaitan, Pranav and Zaytseva, Valeriya},
  journal={arXiv preprint arXiv:1910.06444},
  year={2019}
}

%satellite and UAV imagery to detect building damage, also image transforms
@article{li2019building,
  title={Building damage detection from post-event aerial imagery using single shot multibox detector},
  author={Li, Yundong and Hu, Wei and Dong, Han and Zhang, Xueyan},
  journal={Applied Sciences},
  volume={9},
  number={6},
  pages={1128},
  year={2019},
  publisher={MDPI}
}

%detect building damage, RESCUENET and a novel loss fucntion
@inproceedings{gupta2021rescuenet,
  title={Rescuenet: Joint building segmentation and damage assessment from satellite imagery},
  author={Gupta, Rohit and Shah, Mubarak},
  booktitle={2020 25th International Conference on Pattern Recognition (ICPR)},
  pages={4405--4411},
  year={2021},
  organization={IEEE}
}

%more building damage after natural disaster, many different CNNs
@article{wheeler2020deep,
  title={Deep learning-enabled semantic inference of individual building damage magnitude from satellite images},
  author={Wheeler, Bradley J and Karimi, Hassan A},
  journal={Algorithms},
  volume={13},
  number={8},
  pages={195},
  year={2020},
  publisher={MDPI}
}

%damage from natural disaster and beirut blast 2020
@inproceedings{lu2021automatic,
  title={Automatic Quantification of Settlement Damage using Deep Learning of Satellite Images},
  author={Lu, Lili and Guo, Weisi},
  booktitle={2021 IEEE International Smart Cities Conference (ISC2)},
  pages={1--6},
  year={2021},
  organization={IEEE}
}

%use satellite imagery to predict fatalities ACLED and Landsat
@article{goodman2021convolutional,
  title={A convolutional neural network approach to predict non-permissive environments from moderate-resolution imagery},
  author={Goodman, Seth and BenYishay, Ariel and Runfola, Daniel},
  journal={Transactions in GIS},
  volume={25},
  number={2},
  pages={674--691},
  year={2021},
  publisher={Wiley Online Library}
}

%estimate socioeconomic census variables from sat imagery
@article{runfola2024multi,
  title={A multi-glimpse deep learning architecture to estimate socioeconomic census metrics in the context of extreme scope variance},
  author={Runfola, Dan and Stefanidis, Anthony and Lv, Zhonghui and O’Brien, Joseph and Baier, Heather},
  journal={International Journal of Geographical Information Science},
  pages={1--25},
  year={2024},
  publisher={Taylor \& Francis}
}


%CNN and satellite imgaery to detect crime in urban areas
@article{najjar2018crime,
  title={Crime mapping from satellite imagery via deep learning},
  author={Najjar, Alameen and Kaneko, Shun'ichi and Miyanaga, Yoshikazu},
  journal={arXiv preprint arXiv:1812.06764},
  year={2018}
}


%wartime damge in syria, satellite images and cnns (sometimes as ensembles)
@article{mueller2021monitoring,
  title={Monitoring war destruction from space using machine learning},
  author={Mueller, Hannes and Groeger, Andre and Hersh, Jonathan and Matranga, Andrea and Serrat, Joan},
  journal={Proceedings of the national academy of sciences},
  volume={118},
  number={23},
  pages={e2025400118},
  year={2021},
  publisher={National Acad Sciences}
}

%damage in syria, using U-Net
@article{nabiee2022hybrid,
  title={Hybrid U-Net: Semantic segmentation of high-resolution satellite images to detect war destruction},
  author={Nabiee, Shima and Harding, Matthew and Hersh, Jonathan and Bagherzadeh, Nader},
  journal={Machine Learning with Applications},
  volume={9},
  pages={100381},
  year={2022},
  publisher={Elsevier}
}









%CNN used to predict cancer rates
@article{bibault2020deep,
  title={Deep learning prediction of cancer prevalence from satellite imagery},
  author={Bibault, Jean-Emmanuel and Bassenne, Maxime and Ren, Hongyi and Xing, Lei},
  journal={Cancers},
  volume={12},
  number={12},
  pages={3844},
  year={2020},
  publisher={MDPI}
}

%projection
@article{usery2001all,
  title={All equal-area map projections are created equal, but some are more equal than others},
  author={Usery, Lynn E and Seong, Jeong Chang},
  journal={Cartography and Geographic Information Science},
  volume={28},
  number={3},
  pages={183--194},
  year={2001},
  publisher={Taylor \& Francis}
}

%sciclone
@software{sciclone,
  author = {{William \& Mary Reserach Computing}},
  title = {SciClone},
  url = {https://www.wm.edu/it/rc},
  date = {2023-05-04},
}

%quick spread of riots
@article{drury2020social,
  title={A social identity model of riot diffusion: From injustice to empowerment in the 2011 London riots},
  author={Drury, John and Stott, Clifford and Ball, Roger and Reicher, Stephen and Neville, Fergus and Bell, Linda and Biddlestone, Mikey and Choudhury, Sanjeedah and Lovell, Max and Ryan, Caoimhe},
  journal={European Journal of Social Psychology},
  volume={50},
  number={3},
  pages={646--661},
  year={2020},
  publisher={Wiley Online Library}
}

%slow spread of riots
@article{heslin2021riots,
  title={Riots and resources: How food access affects collective violence},
  author={Heslin, Alison},
  journal={Journal of Peace Research},
  volume={58},
  number={2},
  pages={199--214},
  year={2021},
  publisher={SAGE Publications Sage UK: London, England}
}

%use SVM to predict protests
@inproceedings{korolov2016predicting,
  title={On predicting social unrest using social media},
  author={Korolov, Rostyslav and Lu, Di and Wang, Jingjing and Zhou, Guangyu and Bonial, Claire and Voss, Clare and Kaplan, Lance and Wallace, William and Han, Jiawei and Ji, Heng},
  booktitle={2016 IEEE/ACM international conference on advances in social networks analysis and mining (ASONAM)},
  pages={89--95},
  year={2016},
  organization={IEEE}
}


%using ML (decision trees) where there is poor data avaialability 
@article{aung2021using,
  title={Using satellite data and machine learning to study conflict-induced environmental and socioeconomic destruction in data-poor conflict areas: The case of the Rakhine conflict},
  author={Aung, Thiri Shwesin and Overland, Indra and Vakulchuk, Roman and Xie, Yanhua},
  journal={Environmental Research Communications},
  volume={3},
  number={2},
  pages={025005},
  year={2021},
  publisher={IOP Publishing},
}

@Misc{planet,
  author =    {Planet},
  organization = {Planet},
  title =     {Planet Application Program Interface: In Space for Life on Earth},
  year =      {2022},
  url = "https://api.planet.com"
}

@Misc{planetScope,
  author =    {Planet},
  organization = {Planet},
  title =     {PlanetScope: Constellation and sensor overview},
  year =      {2022},
  url = "https://developers.planet.com/docs/data/planetscope/"
}

@Misc{planetImagery,
  author =    {Imagery \textcopyright 2023 Planet Labs},
  organization = {Planet},
  title =     {Imagery \textcopyright 2023 Planet Labs},
  year =      {2023},
  url = "https://developers.planet.com/docs/data/planetscope/"
}

@book{urbanisation_manual_2021,
    title = {Applying the Degree of Urbanisation — A methodological manual to define cities, towns and rural areas for international comparisons — 2021 edition},
    author = {{European Commission and Statistical Office of the European Union}},
    year = {2021},
    publisher = {Publications Office of the European Union},
    note = {ISBN 978-92-76-20306-3, doi:10.2785/706535}
}

@misc{ghs_smod_2023,
    title = {GHS-SMOD R2023A - GHS settlement layers, application of the Degree of Urbanisation methodology (stage I) to GHS-POP R2023A and GHS-BUILT-S R2023A, multitemporal (1975-2030)},
    author = {Schiavina, M. and Melchiorri, M. and Pesaresi, M.},
    year = {2023},
    howpublished = {European Commission, Joint Research Centre (JRC)},
    note = {PID: \url{http://data.europa.eu/89h/a0df7a6f-49de-46ea-9bde-563437a6e2ba}, doi:10.2905/A0DF7A6F-49DE-46EA-9BDE-563437A6E2BA}
}

%geoboundaries
@article{runfola2020geoboundaries,
  title={geoBoundaries: A global database of political administrative boundaries},
  author={Runfola, Daniel and Anderson, Austin and Baier, Heather and Crittenden, Matt and Dowker, Elizabeth and Fuhrig, Sydney and Goodman, Seth and Grimsley, Grace and Layko, Rachel and Melville, Graham and others},
  journal={PLoS One},
  volume={15},
  number={4},
  pages={e0231866},
  year={2020},
  publisher={Public Library of Science San Francisco, CA USA}
}
@Misc{maxar_worldview3,
  author = "{Maxar}",
  title = "{WorldView-3 Satellite Imagery Technical Data Sheet}",
  year = 2020,
  howpublished = "\url{https://www.maxar.com}",
  note = "[Online; accessed 23-February-2024]",
  url = "https://resources.maxar.com/data-sheets/worldview-3"
}


@Misc{maxar_geoeye,
  author = "{Maxar}",
  title = "{GeoEye-1 Satellite Imagery Technical Data Sheet}",
  year = 2020,
  howpublished = "\url{https://www.maxar.com}",
  note = "[Online; accessed 23-February-2024]",
  url = "https://resources.maxar.com/data-sheets/geoeye-1"
}

@Misc{copernicus_sentinel2,
  author = "{European Space Agency}",
  title = "{Sentinel 2 Satellite Imagery Technical Data Sheet}",
  year = 2015,
  howpublished = "\url{https://sentinels.copernicus.eu/web/sentinel/home}",
  note = "[Online; accessed 23-February-2024]",
  url = "https://sentinels.copernicus.eu/documents/247904/1848117/Sentinel-2_Data_Products_and_Access"
}

@Misc{spot6_esa,
  author = "{European Space Agency}",
  title = "{SPOT-6 Satellite Imagery Technical Data }",
  year = 2015,
  howpublished = "\url{https://earth.esa.int/eogatewaye}",
  note = "[Online; accessed 23-February-2024]",
  url = "https://earth.esa.int/eogateway/missions/spot-6"
}

@online{ACLED,
    author = {ACLED},
    title = {ACLED:Bringing clarity to crisis},
    year = 2022,
    url = {https://acleddata.com/},
    urldate = {2022-11-03}
}

@Misc{acled_codebook_2023,
    title = {{ACLED Codebook}},
    organization = {Armed Conflict Location \& Event Data Project (ACLED)},
    year = {2023},
    url = {www.acleddata.com}
}

%weighted cross entropy 
@article{ho2019real,
  title={The real-world-weight cross-entropy loss function: Modeling the costs of mislabeling},
  author={Ho, Yaoshiang and Wookey, Samuel},
  journal={IEEE access},
  volume={8},
  pages={4806--4813},
  year={2019},
  publisher={IEEE}
}

%ADAM optimizer
@article{kingma2014adam,
  title={Adam: A method for stochastic optimization},
  author={Kingma, Diederik P and Ba, Jimmy},
  journal={arXiv preprint arXiv:1412.6980},
  year={2014}
}

%predict typhoons using GAN
@article{ruttgers2019prediction,
  title={Prediction of a typhoon track using a generative adversarial network and satellite images},
  author={R{\"u}ttgers, Mario and Lee, Sangseung and Jeon, Soohwan and You, Donghyun},
  journal={Scientific reports},
  volume={9},
  number={1},
  pages={6057},
  year={2019},
  publisher={Nature Publishing Group UK London}
}

%explainability survery for computer vision
@article{buhrmester2021analysis,
  title={Analysis of explainers of black box deep neural networks for computer vision: A survey},
  author={Buhrmester, Vanessa and M{\"u}nch, David and Arens, Michael},
  journal={Machine Learning and Knowledge Extraction},
  volume={3},
  number={4},
  pages={966--989},
  year={2021},
  publisher={MDPI}
}

%deconvolution or inverting neural networks to determine explainability
@inproceedings{noh2015learning,
  title={Learning deconvolution network for semantic segmentation},
  author={Noh, Hyeonwoo and Hong, Seunghoon and Han, Bohyung},
  booktitle={Proceedings of the IEEE international conference on computer vision},
  pages={1520--1528},
  year={2015}
}

%%%%%
%Background
%%%%%
@misc{USConstitution:1stAmendment,
  title = {U.S. Constitution, Amend. I},
  year = {1791}, 
}

%allocation of ambulances to mass casulty events
@article{gong2007allocation,
  title={Allocation and reallocation of ambulances to casualty clusters in a disaster relief operation},
  author={Gong, Qiang and Batta, Rajan},
  journal={Iie Transactions},
  volume={39},
  number={1},
  pages={27--39},
  year={2007},
  publisher={Taylor \& Francis}
}

%state response to protest is important to maintain stability
@article{klein2018dynamics,
  title={Dynamics of political protests},
  author={Klein, Graig R and Regan, Patrick M},
  journal={International Organization},
  volume={72},
  number={2},
  pages={485--521},
  year={2018},
  publisher={Cambridge University Press}
}

%attempting to forecast civil unrest using twitter and GDELT
@article{wu2017forecasting,
  title={Forecasting civil unrest using social media and protest participation theory},
  author={Wu, Congyu and Gerber, Matthew S},
  journal={IEEE Transactions on Computational Social Systems},
  volume={5},
  number={1},
  pages={82--94},
  year={2017},
  publisher={IEEE}
}

%modeling riot spread in france
@article{bonnasse2018epidemiological,
  title={Epidemiological modelling of the 2005 French riots: a spreading wave and the role of contagion},
  author={Bonnasse-Gahot, Laurent and Berestycki, Henri and Depuiset, Marie-Aude and Gordon, Mirta B and Roch{\'e}, Sebastian and Rodriguez, Nancy and Nadal, Jean-Pierre},
  journal={Scientific reports},
  volume={8},
  number={1},
  pages={107},
  year={2018},
  publisher={Nature Publishing Group UK London}
}

%discriminating between disruptive events and non-disruptive events
@inproceedings{alsaedi2015identifying,
  title={Identifying disruptive events from social media to enhance situational awareness},
  author={Alsaedi, Nasser and Burnap, Pete and Rana, Omer},
  booktitle={Proceedings of the 2015 IEEE/ACM International Conference on Advances in Social Networks Analysis and Mining 2015},
  pages={934--941},
  year={2015}
}

%network science used to study spread of information and protest recruitment
@article{gonzalez2011dynamics,
  title={The dynamics of protest recruitment through an online network},
  author={Gonz{\'a}lez-Bail{\'o}n, Sandra and Borge-Holthoefer, Javier and Rivero, Alejandro and Moreno, Yamir},
  journal={Scientific reports},
  volume={1},
  number={1},
  pages={1--7},
  year={2011},
  publisher={Nature Publishing Group}
}

%resnet 18 identifying cancer
@inproceedings{khan2018evaluating,
  title={Evaluating the performance of resnet model based on image recognition},
  author={Khan, Riaz Ullah and Zhang, Xiaosong and Kumar, Rajesh and Aboagye, Emelia Opoku},
  booktitle={Proceedings of the 2018 International Conference on Computing and Artificial Intelligence},
  pages={86--90},
  year={2018}
}

%resnet used with sat imagery
@inproceedings{heryadi2020effect,
  title={The effect of resnet model as feature extractor network to performance of DeepLabV3 model for semantic satellite image segmentation},
  author={Heryadi, Yaya and Irwansyah, Edy and Miranda, Eka and Soeparno, Haryono and Hashimoto, Kiyota and others},
  booktitle={2020 IEEE Asia-Pacific Conference on Geoscience, Electronics and Remote Sensing Technology (AGERS)},
  pages={74--77},
  year={2020},
  organization={IEEE}
}

%shallow ResNet works as well as Deep ResNet
@article{bressem2020comparing,
  title={Comparing different deep learning architectures for classification of chest radiographs},
  author={Bressem, Keno K and Adams, Lisa C and Erxleben, Christoph and Hamm, Bernd and Niehues, Stefan M and Vahldiek, Janis L},
  journal={Scientific reports},
  volume={10},
  number={1},
  pages={13590},
  year={2020},
  publisher={Nature Publishing Group UK London}
}

%deep networks work well
@article{lodhi2019multipath,
  title={Multipath-DenseNet: A Supervised ensemble architecture of densely connected convolutional networks},
  author={Lodhi, Bilal and Kang, Jaewoo},
  journal={Information Sciences},
  volume={482},
  pages={63--72},
  year={2019},
  publisher={Elsevier}
}

%deep networks work well
@article{sinha2020d2rl,
  title={D2rl: Deep dense architectures in reinforcement learning},
  author={Sinha, Samarth and Bharadhwaj, Homanga and Srinivas, Aravind and Garg, Animesh},
  journal={arXiv preprint arXiv:2010.09163},
  year={2020}
}

%sometimes there are challenges with deeper networks
@article{sekiyama2018profile,
  title={Profile-guided memory optimization for deep neural networks},
  author={Sekiyama, Taro and Imamichi, Takashi and Imai, Haruki and Raymond, Rudy},
  journal={arXiv preprint arXiv:1804.10001},
  year={2018}
}

%sometimes a network doesn't need to be too deep
@article{gorban2020deep,
  title={How deep should be the depth of convolutional neural networks: a backyard dog case study},
  author={Gorban, Alexander N and Mirkes, Evgeny M and Tyukin, Ivan Y},
  journal={Cognitive Computation},
  volume={12},
  pages={388--397},
  year={2020},
  publisher={Springer}
}

%nighttime light as proxy for development
@article{elvidge2012night,
  title={The Night Light Development Index (NLDI): a spatially explicit measure of human development from satellite data},
  author={Elvidge, Christopher D and Baugh, Kimberly E and Anderson, Sharolyn J and Sutton, Paul C and Ghosh, Tilottama},
  journal={Social Geography},
  volume={7},
  number={1},
  pages={23--35},
  year={2012},
  publisher={Copernicus GmbH}
}


@article{zhou2008object,
  title={An object-oriented approach for analysing and characterizing urban landscape at the parcel level},
  author={Zhou, Weiqi and Troy, Austin},
  journal={International Journal of Remote Sensing},
  volume={29},
  number={11},
  pages={3119--3135},
  year={2008},
  publisher={Taylor \& Francis}
}


@article{labus2002wheat,
  title={Wheat yield estimates using multi-temporal NDVI satellite imagery},
  author={Labus, MP and Nielsen, GA and Lawrence, RL and Engel, R and Long, DS},
  journal={International Journal of Remote Sensing},
  volume={23},
  number={20},
  pages={4169--4180},
  year={2002},
  publisher={Taylor \& Francis}
}

%estimating human migration
@article{runfola2022deep,
  title={Deep learning fusion of satellite and social information to estimate human migratory flows},
  author={Runfola, Daniel and Baier, Heather and Mills, Laura and Naughton-Rockwell, Maeve and Stefanidis, Anthony},
  journal={Transactions in GIS},
  volume={26},
  number={6},
  pages={2495--2518},
  year={2022},
  publisher={Wiley Online Library}
}

%estimating educational outcomes
@article{runfola2022using,
  title={Using satellite data and deep learning to estimate educational outcomes in data-sparse environments},
  author={Runfola, D and Stefanidis, A and Baier, H},
  journal={Remote Sensing Letters},
  volume={13},
  number={1},
  pages={87--97},
  year={2022},
  publisher={Taylor \& Francis}
}

%map tidal marshes
@article{lv2024mapping,
  title={Mapping the tidal marshes of coastal Virginia: a hierarchical transfer learning approach},
  author={Lv, Zhonghui and Nunez, Karinna and Brewer, Ethan and Runfola, Dan},
  journal={GIScience \& Remote Sensing},
  volume={61},
  number={1},
  pages={2287291},
  year={2024},
  publisher={Taylor \& Francis}
}


@article{brewer2023tracking,
  title={Tracking the industrial growth of modern China with high-resolution panchromatic imagery: A sequential convolutional approach},
  author={Brewer, Ethan and Lv, Zhonghui and Runfola, Dan},
  journal={arXiv preprint arXiv:2301.09620},
  year={2023}
}

%cnn mapping poverty with sat image in mexico
@article{babenko2017poverty,
  title={Poverty mapping using convolutional neural networks trained on high and medium resolution satellite images, with an application in Mexico},
  author={Babenko, Boris and Hersh, Jonathan and Newhouse, David and Ramakrishnan, Anusha and Swartz, Tom},
  journal={arXiv preprint arXiv:1711.06323},
  year={2017}
}

%nighttime lights predicting GDP and consumer spending
@inproceedings{wu2019estimation,
  title={Estimation of economic indicators using residual neural network ResNet50},
  author={Wu, Peng and Tan, Yumin},
  booktitle={2019 International Conference on Data Mining Workshops (ICDMW)},
  pages={206--209},
  year={2019},
  organization={IEEE}
}

%satellite imagery can provide infomration with other data is hard to come by
@article{bharti2018fluctuations,
  title={Fluctuations in anthropogenic nighttime lights from satellite imagery for five cities in Niger and Nigeria},
  author={Bharti, Nita and Tatem, Andrew J},
  journal={Scientific data},
  volume={5},
  number={1},
  pages={1--9},
  year={2018},
  publisher={Nature Publishing Group}
}

%satellite imagery can provide information when other data is unavailable
@inproceedings{hu2019mapping,
  title={Mapping missing population in rural India: A deep learning approach with satellite imagery},
  author={Hu, Wenjie and Patel, Jay Harshadbhai and Robert, Zoe-Alanah and Novosad, Paul and Asher, Samuel and Tang, Zhongyi and Burke, Marshall and Lobell, David and Ermon, Stefano},
  booktitle={Proceedings of the 2019 AAAI/ACM Conference on AI, Ethics, and Society},
  pages={353--359},
  year={2019}
}

%deconvolve for intermediate layers
@inproceedings{zeiler2014visualizing,
  title={Visualizing and understanding convolutional networks},
  author={Zeiler, Matthew D and Fergus, Rob},
  booktitle={Computer Vision--ECCV 2014: 13th European Conference, Zurich, Switzerland, September 6-12, 2014, Proceedings, Part I 13},
  pages={818--833},
  year={2014},
  organization={Springer}
}

%invert a cnn
@inproceedings{mahendran2015understanding,
  title={Understanding deep image representations by inverting them},
  author={Mahendran, Aravindh and Vedaldi, Andrea},
  booktitle={Proceedings of the IEEE conference on computer vision and pattern recognition},
  pages={5188--5196},
  year={2015}
}

%invert a CNN to find explainability
@inproceedings{dosovitskiy2016inverting,
  title={Inverting visual representations with convolutional networks},
  author={Dosovitskiy, Alexey and Brox, Thomas},
  booktitle={Proceedings of the IEEE conference on computer vision and pattern recognition},
  pages={4829--4837},
  year={2016}
}

%introduced CAM
@inproceedings{zhou2016learning,
  title={Learning deep features for discriminative localization},
  author={Zhou, Bolei and Khosla, Aditya and Lapedriza, Agata and Oliva, Aude and Torralba, Antonio},
  booktitle={Proceedings of the IEEE conference on computer vision and pattern recognition},
  pages={2921--2929},
  year={2016}
}

%introduced Grad-CAM
@inproceedings{selvaraju2017grad,
  title={Grad-cam: Visual explanations from deep networks via gradient-based localization},
  author={Selvaraju, Ramprasaath R and Cogswell, Michael and Das, Abhishek and Vedantam, Ramakrishna and Parikh, Devi and Batra, Dhruv},
  booktitle={Proceedings of the IEEE international conference on computer vision},
  pages={618--626},
  year={2017}
}

%article that introduced Score-CAM
@inproceedings{wang2020score,
  title={Score-CAM: Score-weighted visual explanations for convolutional neural networks},
  author={Wang, Haofan and Wang, Zifan and Du, Mengnan and Yang, Fan and Zhang, Zijian and Ding, Sirui and Mardziel, Piotr and Hu, Xia},
  booktitle={Proceedings of the IEEE/CVF conference on computer vision and pattern recognition workshops},
  pages={24--25},
  year={2020}
}

%score-CAMpp
@inproceedings{shi2022score,
  title={Score-CAMpp: class activation map based on logarithmic transformation},
  author={Shi, Ting and Li, Yanshan and Liang, Huajie and Yu, Rui},
  booktitle={2022 16th IEEE International Conference on Signal Processing (ICSP)},
  volume={1},
  pages={256--259},
  year={2022},
  organization={IEEE}
}

%Grad-CAM++
@inproceedings{chattopadhay2018grad,
  title={Grad-cam++: Generalized gradient-based visual explanations for deep convolutional networks},
  author={Chattopadhay, Aditya and Sarkar, Anirban and Howlader, Prantik and Balasubramanian, Vineeth N},
  booktitle={2018 IEEE winter conference on applications of computer vision (WACV)},
  pages={839--847},
  year={2018},
  organization={IEEE}
}

%IS-CAM...does use the phrase black box
@article{naidu2020cam,
  title={IS-CAM: Integrated Score-CAM for axiomatic-based explanations},
  author={Naidu, Rakshit and Ghosh, Ankita and Maurya, Yash and Kundu, Soumya Snigdha and others},
  journal={arXiv preprint arXiv:2010.03023},
  year={2020}
}

%refers to classifiers as blackbox
@article{dabkowski2017real,
  title={Real time image saliency for black box classifiers},
  author={Dabkowski, Piotr and Gal, Yarin},
  journal={Advances in neural information processing systems},
  volume={30},
  year={2017}
}

%refers to black boxes
@inproceedings{fong2017interpretable,
  title={Interpretable explanations of black boxes by meaningful perturbation},
  author={Fong, Ruth C and Vedaldi, Andrea},
  booktitle={Proceedings of the IEEE international conference on computer vision},
  pages={3429--3437},
  year={2017}
}

%refers to black boxes
@article{petsiuk2018rise,
  title={Rise: Randomized input sampling for explanation of black-box models},
  author={Petsiuk, Vitali and Das, Abir and Saenko, Kate},
  journal={arXiv preprint arXiv:1806.07421},
  year={2018}
}

%SSGrad-CAM
@inproceedings{yamauchi2022spatial,
  title={Spatial sensitive grad-cam: Visual explanations for object detection by incorporating spatial sensitivity},
  author={Yamauchi, Toshinori and Ishikawa, Masayoshi},
  booktitle={2022 IEEE International Conference on Image Processing (ICIP)},
  pages={256--260},
  year={2022},
  organization={IEEE}
}

%integrated Grad-CAM
@inproceedings{sattarzadeh2021integrated,
  title={Integrated grad-cam: Sensitivity-aware visual explanation of deep convolutional networks via integrated gradient-based scoring},
  author={Sattarzadeh, Sam and Sudhakar, Mahesh and Plataniotis, Konstantinos N and Jang, Jongseong and Jeong, Yeonjeong and Kim, Hyunwoo},
  booktitle={ICASSP 2021-2021 IEEE International Conference on Acoustics, Speech and Signal Processing (ICASSP)},
  pages={1775--1779},
  year={2021},
  organization={IEEE}
}

%object detection in sat imagery struggles with many objects present
@article{tahir2022automatic,
  title={Automatic target detection from satellite imagery using machine learning},
  author={Tahir, Arsalan and Munawar, Hafiz Suliman and Akram, Junaid and Adil, Muhammad and Ali, Shehryar and Kouzani, Abbas Z and Mahmud, MA Parvez},
  journal={Sensors},
  volume={22},
  number={3},
  pages={1147},
  year={2022},
  publisher={MDPI}
}

%satellite imagery has limited bands compared to traditional images
@article{brewer2022susceptibility,
  title={Susceptibility \& defense of satellite image-trained convolutional networks to backdoor attacks},
  author={Brewer, Ethan and Lin, Jason and Runfola, Dan},
  journal={Information Sciences},
  volume={603},
  pages={244--261},
  year={2022},
  publisher={Elsevier}
}

%feature extraction used in classifying fish species
@inproceedings{rodrigues2010automatic,
  title={Automatic fish species classification based on robust feature extraction techniques and artificial immune systems},
  author={Rodrigues, Marco TA and P{\'a}dua, Fl{\'a}vio LC and Gomes, Rog{\'e}rio M and Soares, Gabriela E},
  booktitle={2010 IEEE Fifth International Conference on Bio-Inspired Computing: Theories and Applications (BIC-TA)},
  pages={1518--1525},
  year={2010},
  organization={IEEE}
}

@article{carleer2005assessment,
  title={Assessment of very high spatial resolution satellite image segmentations},
  author={Carleer, AP and Debeir, Olivier and Wolff, El{\'e}onore},
  journal={Photogrammetric Engineering \& Remote Sensing},
  volume={71},
  number={11},
  pages={1285--1294},
  year={2005},
  publisher={American Society for Photogrammetry and Remote Sensing}
}

%explainability with sat imagery
@inproceedings{vasu2018aerial,
  title={Aerial-cam: Salient structures and textures in network class activation maps of aerial imagery},
  author={Vasu, Bhavan and Rahman, Faiz Ur and Savakis, Andreas},
  booktitle={2018 IEEE 13th Image, Video, and Multidimensional Signal Processing Workshop (IVMSP)},
  pages={1--5},
  year={2018},
  organization={IEEE}
}

%explainability with sat imagery
@article{fu2019multicam,
  title={Multicam: Multiple class activation mapping for aircraft recognition in remote sensing images},
  author={Fu, Kun and Dai, Wei and Zhang, Yue and Wang, Zhirui and Yan, Menglong and Sun, Xian},
  journal={Remote sensing},
  volume={11},
  number={5},
  pages={544},
  year={2019},
  publisher={MDPI}
}

%explainability with sat imagery
@inproceedings{charuchinda2019use,
  title={On the use of class activation map for land cover mapping},
  author={Charuchinda, P and Kasetkasem, T and Kumazawa, I and Chanwimaluang, T},
  booktitle={2019 16th International Conference on Electrical Engineering/Electronics, Computer, Telecommunications and Information Technology (ECTI-CON)},
  pages={653--656},
  year={2019},
  organization={IEEE}
}




%softmax might be bias
@article{pearce2021understanding,
  title={Understanding softmax confidence and uncertainty},
  author={Pearce, Tim and Brintrup, Alexandra and Zhu, Jun},
  journal={arXiv preprint arXiv:2106.04972},
  year={2021}
}

%softmax can be overconfident
@article{subramanya2017confidence,
  title={Confidence estimation in deep neural networks via density modelling},
  author={Subramanya, Akshayvarun and Srinivas, Suraj and Babu, R Venkatesh},
  journal={arXiv preprint arXiv:1707.07013},
  year={2017}
}

%softmax is still widely used for confidence
@article{gawlikowski2021survey,
  title={A survey of uncertainty in deep neural networks},
  author={Gawlikowski, Jakob and Tassi, Cedrique Rovile Njieutcheu and Ali, Mohsin and Lee, Jongseok and Humt, Matthias and Feng, Jianxiang and Kruspe, Anna and Triebel, Rudolph and Jung, Peter and Roscher, Ribana and others},
  journal={arXiv preprint arXiv:2107.03342},
  year={2021}
}

%building lalhagh fort
@article{shakur2010culture,
  title={WHAT CULTURE, WHOSE SPACE AND WHICH TECHNOLOGY? THE CONTESTED TRANSFORMATION AND THE CHANGING HISTORIC BUILT ENVIRONMENTS OF SOUTH ASIA.},
  author={Shakur, Tasleem and Islam, Ishrat and Masood, Javeria},
  journal={ArchNet-IJAR},
  volume={4},
  number={1},
  year={2010}
}

%dhaka protests at lalbagh
@article{begum2018changing,
  title={Changing Scenarios of Public Open Space in a British Colonial City: The Case of the Ramna Area, Dhaka},
  author={Begum, Salma},
  journal={Nakhara: Journal of Environmental Design and Planning},
  volume={14},
  pages={39--56},
  year={2018}
}

%openstreetmap
@misc{OpenStreetMap2024,
  author = {{OpenStreetMap Contributors}},
  title = {OpenStreetMap},
  year = {2024},
  url = {https://www.openstreetmap.org},
  note = {Accessed: 2024}
}

%CIFAR datasets
@misc{cifar10_100,
  title={Learning multiple layers of features from tiny images},
  author={Krizhevsky, Alex and Hinton, Geoffrey and others},
 howpublished = {\url{http://www.cs.toronto.edu/~kriz/cifar.html}},
 year = {2009},
  institution = {Canadian Institute for Advanced Research}
}


%precision and recall 
@inproceedings{davis2006relationship,
  title={The relationship between Precision-Recall and ROC curves},
  author={Davis, Jesse and Goadrich, Mark},
  booktitle={Proceedings of the 23rd international conference on Machine learning},
  pages={233--240},
  year={2006}
}





%%%%%
%Chapter 4 
%%%%%%

@online{OvertureMapsFoundation2023,
  author = {{Overture Maps Foundation}},
  title = {Home Page},
  year = {2024},
  month = {2},
  day = {12},
  url = {https://www.overturemaps.org},
  urldate = {2024-02-12}
}

@online{SpaceNet,
  author = {{SpaceNet}},
  title = {Home Page},
  year = {2024},
  month = {2},
  day = {16},
  url = {https://spacenet.ai/challenges/},
  urldate = {2024-02-16}
}

@online{DeepGlobe2018,
  author = {{Deep Globe}},
  title = {Home Page},
  year = {2024},
  month = {2},
  day = {16},
  url = {deepglobe.org/challenge.html},
  urldate = {2024-02-16}
}

@online{xView,
  author = {{Defense Innovation Unit}},
  title = {Home Page},
  year = {2024},
  month = {2},
  day = {16},
  url = {xviewdataset.org},
  urldate = {2024-02-16}
}

@inproceedings{kirillov2023segment,
  title={Segment anything},
  author={Kirillov, Alexander and Mintun, Eric and Ravi, Nikhila and Mao, Hanzi and Rolland, Chloe and Gustafson, Laura and Xiao, Tete and Whitehead, Spencer and Berg, Alexander C and Lo, Wan-Yen and others},
  booktitle={Proceedings of the IEEE/CVF International Conference on Computer Vision},
  pages={4015--4026},
  year={2023}
}